@misc{benrecht-simons,
    Author  = {Benjamin Recht and Stephen Wright},
    Title   = {Lecture slides on Optimzation},
    Month   = {September},
    Year    = {2013}
}
@article{adam-iclr,
    Author  = {Durk Kingma and Jimmy Ba},
    Title   = {Adam: A Method for Stochastic Optimization},
    Journal = {arXiv:1412.6980},
    Year    = {2014}
}
@article{du-nips,
    Author  = {Simon S. Du and Chi Jin and Jason D. Lee and Michael I. Jordan and Barnabas Poczos and Aarti Singh},
    Title   = {Gradient Descent Can Take Exponential Time to Escape Saddle Points},
    Year    = {2017},
    Journal = {arXiv:1705.10412},
}
@InProceedings{jin-icml,
    Title   = {How to Escape Saddle Points Efficiently},
    Author  = {Chi Jin and Rong Ge and Praneeth Netrapalli and Sham M. Kakade and Michael I. Jordan},
    Year    = {2017},
    Booktitle = {Proceedings of the 34th International Conference on Machine Learning}
}
@InProceedings{ge-colt,
    Title   = {Escaping From Saddle Points --- Online Stochastic Gradient for Tensor Decomposition},
    Author  = {Rong Ge and Furong Huang and Chi Jin and Yang Yuan},
    Year    = {2015},
    Booktitle = {Proceedings of The 28th Conference on Learning Theory}
}
@book{conn-siam,
    Title   = {Trust Region Methods},
    Author  = {Andrew R. Conn and Nicholas I.M. Gould and Philippe L. Toint},
    Year    = {2000},
}
@article{sorensen-siam,
    Title   = {Newton Method with a Model Trust Region Modification},
    Author  = {Danny C. Sorensen},
    Year    = {1981},
    Journal = {SIAM Journal on Numerical Analysis}
}
@article{cartis-joc,
    Title   = {Complexity bounds for second-order optimality in unconstrained optimization},
    Author  = {Coralia Cartis and Nicholas I.M. Gould and Philippe L. Toint},
    Year    = {2012},
    Journal = {Journal on Complexity}
}
@article{geovani-oms,
    Title   = {On the worst-case complexity of nonlinear stepsize control algorithms for convex unconstrained optimization},
    Author  = {Geovani N Grapiglia and J Yuan and Y Yuan},
    Year    = {2016},
    Journal = {Optimization Methods and Software}
}
@article{cartis-siam,
    Title   = {On the complexity of steepest descent, Newton and regularized Newton methods for nonconvex un-constrained optimization problems},
    Author  = {Coralia Cartis and Nicholas I.M. Gould and Philippe L. Toint},
    Year    = {2010},
    Journal = {SIAM Journal on Optimization}
}
